@article{cook2008waiting,
  title={“Waiting for life to arrive”: a history of the regression-discontinuity design in psychology, statistics and economics},
  author={Cook, Thomas D},
  journal={Journal of Econometrics},
  volume={142},
  number={2},
  pages={636--654},
  year={2008},
  publisher={Elsevier}
}

@book{angrist2009mostly,
  title={Mostly harmless econometrics: An empiricist's companion},
  author={Angrist, Joshua D and Pischke, J{\"o}rn-Steffen},
  year={2009},
  publisher={Princeton university press}
}

@article{lee2010regression,
  title={Regression discontinuity designs in economics},
  author={Lee, David S and Lemieux, Thomas},
  journal={Journal of economic literature},
  volume={48},
  number={2},
  pages={281--355},
  year={2010},
  publisher={American Economic Association}
}

@article{imbens2008regression,
  title={Regression discontinuity designs: A guide to practice},
  author={Imbens, Guido W and Lemieux, Thomas},
  journal={Journal of econometrics},
  volume={142},
  number={2},
  pages={615--635},
  year={2008},
  publisher={Elsevier}
}

@article{thistlethwaite1960regression,
  title={Regression-discontinuity analysis: An alternative to the ex post facto experiment.},
  author={Thistlethwaite, Donald L and Campbell, Donald T},
  journal={Journal of Educational psychology},
  volume={51},
  number={6},
  pages={309},
  year={1960},
  publisher={American Psychological Association}
}

@book{trochim1984research,
  title={Research design for program evaluation: The regression-discontinuity approach},
  author={Trochim, William MK},
  volume={6},
  year={1984},
  publisher={SAGE Publications, Incorporated}
}

@article{rubin1977assignment,
  title={Assignment to treatment group on the basis of a covariate},
  author={Rubin, Donald B},
  journal={Journal of educational Statistics},
  volume={2},
  number={1},
  pages={1--26},
  year={1977},
  publisher={Sage Publications Sage CA: Thousand Oaks, CA}
}

@article{finkelstein1996clinical,
  title={Clinical and prophylactic trials with assured new treatment for those at greater risk: I. A design proposal.},
  author={Finkelstein, Michael O and Levin, Bruce and Robbins, Herbert},
  journal={American Journal of Public Health},
  volume={86},
  number={5},
  pages={691--695},
  year={1996},
  publisher={American Public Health Association}
}

@incollection{goldberger1972a,
  title={Selection bias in evaluating treatment effects: Some formal illustrations},
  author={Goldberger, Arthur S},
  year={1972},
  publisher={Manuscrito não publicado}
}

@incollection{goldberger1972b,
  title={Selection bias in evaluating treatment effects: the case of interaction},
  author={Goldberger, Arthur S},
  year={1972},
  publisher={Manuscrito não publicado}
}

@book{cunningham2021causal,
  title={Causal inference: The mixtape},
  author={Cunningham, Scott},
  year={2021},
  publisher={Yale university press},
  url={https://mixtape.scunning.com/06-regression_discontinuity},
  note = {Acessado: 18/06/2024}
}

@article{card2008impact,
  title={The impact of nearly universal insurance coverage on health care utilization: evidence from Medicare},
  author={Card, David and Dobkin, Carlos and Maestas, Nicole},
  journal={American Economic Review},
  volume={98},
  number={5},
  pages={2242--2258},
  year={2008},
  publisher={American Economic Association}
}

@article{mccrary2008manipulation,
  title={Manipulation of the running variable in the regression discontinuity design: A density test},
  author={McCrary, Justin},
  journal={Journal of econometrics},
  volume={142},
  number={2},
  pages={698--714},
  year={2008},
  publisher={Elsevier}
}
