@article{ding2023first,
  title={A first course in causal inference},
  author={Ding, Peng},
  journal={arXiv preprint arXiv:2305.18793},
  year={2023}
}

@article{imbens2024causal,
  title={Causal inference in the social sciences},
  author={Imbens, Guido W},
  journal={Annual Review of Statistics and Its Application},
  volume={11},
  year={2024},
  publisher={Annual Reviews}
}

@article{lipsitch2010negative,
  title={Negative controls: a tool for detecting confounding and bias in observational studies},
  author={Lipsitch, Marc and Tchetgen, Eric Tchetgen and Cohen, Ted},
  journal={Epidemiology},
  volume={21},
  number={3},
  pages={383--388},
  year={2010},
  publisher={LWW}
}
